@inbook{muesseler2015allgemeine,
  title={Allgemeine Psychologie},
  author={M{\"u}sseler, J.},
  isbn={9783662487013},
  year={2015},
  pages="588--615",
  publisher={Springer Berlin Heidelberg}
}

@book{underwood2005,
	AUTHOR = {Underwood, Geoffrey},
	YEAR = {2005},
	TITLE = {Cognitive Processes in Eye Guidance - },
	EDITION = {},
	ISBN = {978-0-198-56681-6},
	PUBLISHER = {OUP Oxford},
	ADDRESS = {New York, London},
}

@book{Karnath2006,
	AUTHOR = {Karnath, Hans-Otto AND Thier, Peter},
	YEAR = {2006},
	TITLE = {Neuopsychologie},
	EDITION = {},
	ISBN = {978-3-540-28448-2},
	PUBLISHER = {Springer},
	ADDRESS = {Berlin, Heidelberg},
}

@book{Waller2013,
	AUTHOR = {Waller, David AND Nadel, Lynn},
	YEAR = {2013},
	TITLE = {Handbook of Spatial Cognition - },
	EDITION = {},
	ISBN = {978-1-433-81204-0},
	PUBLISHER = {American Psychological Association},
	ADDRESS = {Washington DC},
}

@book{Dillenbourg1999,
	AUTHOR = {Dillenbourg, Pierre},
	YEAR = {1999},
	TITLE = {Collaborative Learning - Cognitive and Computational Approaches},
	EDITION = {},
	ISBN = {978-0-080-43073-7},
	PUBLISHER = {Elsevier Science and Technology Books},
	ADDRESS = {Oxford},
}

@inbook{Hesse2015,
author="Hesse, Friedrich",
title="A Framework for Teachable Collaborative Problem Solving Skills",
bookTitle="Assessment and Teaching of 21st Century Skills: Methods and Approach",
year="2015",
publisher="Springer Netherlands",
address="Dordrecht",
pages="37--56",
isbn="978-94-017-9395-7",
doi="10.1007/978-94-017-9395-7_2",
url="https://doi.org/10.1007/978-94-017-9395-7_2"
}

